@String{cogsci = "Cognitive Science"}

@String{AI06 = "AI 2006"}

@String{JSM02="Proc. of JSM 2002"}

@STRING{NIPS = "NIPS"}

@STRING{NIPS1ed = "D.S.~Touretzky"}

@String{nips87 = "NIPS'87"}

@String{nips87ed = "D. Z. Anderson"}

@STRING{NIPS1   = "Advances in NIPS'88"}

@STRING{NIPS2ed = "D.S.~Touretzky"}

@STRING{NIPS2   = "NIPS'89"}

@STRING{NIPS3ed = "R.P.~Lippman and J.M.~Moody and D.S.~Touretzky"}

@STRING{NIPS3   = "NIPS'90"}

@STRING{NIPS4ed = "J.E. Moody S.J. Hanson and R.P. Lippmann"}

@STRING{NIPS4   = "NIPS'91"}

@STRING{NIPS5ed = "C.L.~Giles and S.J.~Hanson and J.D.~Cowan"}

@STRING{NIPS5   = "NIPS'92"}

@STRING{NIPS6ed = "D. Cowan and G. Tesauro and J. Alspector"},

@STRING{NIPS6   = "NIPS'93"}

@STRING{NIPS7ed = "G.~Tesauro and D.S.~Touretzky and T.K.~Leen"}

@STRING{NIPS7   = "NIPS'94"}

@STRING{NIPS8ed = "D.S.~Touretzky and M.C.~Mozer and M.E.~Hasselmo"}

@STRING{NIPS8   = "NIPS'95"}

@STRING{NIPS9ed = "M.C.~Mozer and M.I.~Jordan and T.~Petsche"}

@STRING{NIPS9   = "NIPS'96"}

@STRING{NIPS10ed = "M.I.~Jordan and M.J.~Kearns and S.A.~Solla"}

@STRING{NIPS10  = "NIPS'97"}

@STRING{NIPS11ed = "M.S.~Kearns and S.A.~Solla and D.A.~Cohn"}

@STRING{NIPS11  = "NIPS'98"}

@STRING{NIPS12ed = "S.A.~Solla and T.K.~Leen and K-R.~M{\"u}ller"}

@STRING{NIPS12  = "NIPS'99"}

@STRING{NIPS13ed = "T.K.~Leen and T.G.~Dietterich and V.~Tresp"}

@STRING{NIPS13  = "NIPS'00"}

@STRING{NIPS14ed = "T.G.~Dietterich and S.~Becker and Z.~Ghahramani"}

@STRING{NIPS14  = "NIPS'01"}

@STRING{NIPS15ed = "S.~Becker and S.~Thrun and K.~Obermayer"}

@STRING{NIPS15  = "NIPS'02"}

@STRING{NIPS16ed = ""}
@string{NIPS16publ = {}}
@STRING{NIPS16  = "NIPS'03"}
@string{NIPS16addr = ""}

@STRING{NIPS17ed = "L.K.~Saul and Y.~Weiss and L.~Bottou"}

@STRING{NIPS17  = "NIPS'04"}

@STRING{NIPS18 = "NIPS'05"}

@STRING{NIPS18ed = "Y. Weiss and B. Sch{\"o}lkopf and J. Platt"}

@STRING{NIPS19 = "NIPS'06"}

@STRING{NIPS19ed = "B. Sch{\"o}lkopf and J. Platt and T. Hoffman"}

@STRING{NIPS20 = "NIPS'07"}

@STRING{NIPS20ed = "J.C. Platt and D. Koller and Y. Singer and S. Roweis"}

@STRING{NIPS21 = "NIPS'08"}
@STRING{NIPS22 = "NIPS'09"}

@STRING{NIPS21ed = "D. Koller and D. Schuurmans and Y. Bengio and L. Bottou"} 

@String{nips87 = "NIPS"}

@String{nips89 = "NIPS'89"}

@String{nips89eds = "D.S. Touretzky"}

@String{nips90 = "NIPS'90"}

@String{nips90eds = "D.S. Touretzky"}

@String{nips91 = "NIPS'91"}

@String{nips91eds = "R. P. Lippman and R. Moody and D. S. Touretzky"}

@String{nips92 = "NIPS'92"}

@String{nips92eds = "Moody, J.E. and S.J. Hanson and R.P. Lipmann"}

@String{nips93 = "NIPS'93"}

@String{nips93eds = "S. J. Hanson and J. D. Cowan and C. L. Giles"}

@String{nips94 = "NIPS'94"}

@String{nips94eds = "J.D. Cowan and G. Tesauro and J. Alspector"}

@String{nips95 = "NIPS'95"}

@String{nips95eds = "G. Tesauro and D.S. Touretzky and T.K. Leen"}

@String{nips96 = "NIPS'96"}

@String{nips96eds = "M. Mozer and D.S. Touretzky and M. Perrone"}

@String{nips97 = "NIPS'97"}
 
@String{nips97eds = "M. Jordan and M. Mozer and T. Petsche"}
 
@String{nips98 = "NIPS'98"}
 
@String{nips98eds = "S. Solla and M. Jordan"}
 
@String{nips2001 = "NIPS'01"}
 
@String{nips2002 = "NIPS'02"}

@String{nips2002eds = "T. G. Dietterich and S. Becker and Z. Ghahramani"}

@String{nips2002publ = "MIT Press, Cambridge, {MA}"}

@String{nips2003 = "NIPS'03"}

@String{iapr =  "Proc. IAPR"}
@String{ijprai =   "Int. J. Pattern Recognition and AI"}
@String{jprr = "J. of Pat. Reco. Research"}


@String{ICDAR03 =  "Proc. {ICDAR}'03"}
@String{ICDAR07 =  "Proc. {ICDAR}'07"}

@String{ICML96 = "Proc. {ICML} 1996"}
@String{ICML97 = "Proc. {ICML} 1997"}
@String{ICML98 = "Proc. {ICML} 1998"}
@String{ICML99 = "Proc. {ICML} 1999"}
@String{ICML00 = "Proc. {ICML} 2000"}
@String{ICML01 = "Proc. {ICML} 2001"}
@String{ICML02 = "Proc. {ICML} 2002"}
@String{ICML03 = "Proc. {ICML} 2003"}
@String{ICML04 = "Proc. {ICML} 2004"}
@String{ICML05 = "Proc. {ICML} 2005"}
@String{ICML06 = "Proc. {ICML} 2006"}
@String{ICML07 = "Proc. {ICML} 2007"}
@String{ICML08 = "Proc. {ICML} 2008"}
@String{ICML09 = "Proc. {ICML} 2009"}
@String{ICML96ed = ""}
@String{ICML97ed = ""}
@String{ICML98ed = ""}
@String{ICML99ed = ""}
@String{ICML00ed = ""}
@String{ICML01ed = ""}
@String{ICML02ed = ""}
@String{ICML03ed = ""}
@String{ICML04ed = ""}
@String{ICML05ed = ""}
@String{ICML06ed = ""}
@String{ICML07ed = ""}
@String{ICML08ed = ""}
@String{ICML09ed = ""}
@String{ICML96publ = ""}
@String{ICML97publ = ""}
@String{ICML98publ = ""}
@String{ICML99publ = ""}
@String{ICML00publ = ""}
@String{ICML01publ = ""}
@String{ICML02publ = ""}
@String{ICML03publ = ""}
@String{ICML04publ = ""}
@String{ICML05publ = ""}
@String{ICML06publ = ""}
@String{ICML07publ = ""}
@String{ICML08publ = ""}
@String{ICML09publ = ""}

@STRING{aistats05 = "Proc. AISTATS'2005"}
@STRING{aistats07 = "Proc. AISTATS'2007"}
@STRING{aistats09 = "Proc. AISTATS'2009"}
@String{SVM02 = "SVM2002"}

@String{cvpr83 =  "Proc. {CVPR}'83"}
@String{cvpr96 =  "Proc. {CVPR}'96"}
@String{cvpr97 =  "Proc. {CVPR}'97"}
@String{cvpr99 =  "Proc. {CVPR}'99"}
@String{cvpr04 =  "Proc. {CVPR}'04"}
@String{cvpr05 =  "Proc. {CVPR}'05"}
@String{cvpr06 =  "Proc. {CVPR}'06"}
@String{cvpr07 =  "Proc. {CVPR}'07"}
@String{cvpr08 =  "Proc. {CVPR}'08"}
@String{cvpr09 =  "Proc. {CVPR}'09"}

@string{IEEE_trans_biomed = "{IEEE} Trans. Biomed. Eng."}
@string{IJCAS = "{IJCAS}"}
@string{DSP = "Digital Signal Process."}
@string{IEEE_trans_SP = "{IEEE} Trans. Signal Process."}
@string{BME = "BME"}
@string{SSDBM2009 = "{SSDBM} 2009"}
@string{PRL = "Pattern Recognit. Lett."}
@string{jmlr = "{JMLR}"}
@string{FTML = "Found. Trends Mach. Learn."}
@string{Bengio2009FTML_note = ""}
@string{JEC = "J. Electrocardiol."}
@string{DMKD = "Data Min. Knowl. Disc."}
@string{IEEE_trans_NN = "IEEE Trans. Neural Networks"}
@string{eng_med_bio = "IEEE Eng. Med. Biol. Mag."} 
@string{ICTAI06 = "ICTAI'06"}
@String{ieeetpami = "IEEE Trans. Pattern Analysis and Mach. Intelli."}