@String{cogsci = "Cognitive Science"}

@String{AI06 = "AI 2006"}

@String{ICCV09 =  "ICCV'09"}

@String{JSM02="Proc. of JSM 2002"}

@STRING{NIPS = "NIPS"}

@STRING{NIPS1ed = ""}

@String{nips87 = "NIPS'87"}

@String{nips87ed = ""}

@STRING{NIPS1   = "Advances in NIPS'88"}

@STRING{NIPS2ed = ""}

@STRING{NIPS2   = "NIPS'89"}

@STRING{NIPS3ed = ""}

@STRING{NIPS3   = "NIPS'90"}

@STRING{NIPS4ed = ""}

@STRING{NIPS4   = "NIPS'91"}

@STRING{NIPS5ed = ""}

@STRING{NIPS5   = "NIPS'92"}

@STRING{NIPS6ed = ""},

@STRING{NIPS6   = "NIPS'93"}

@STRING{NIPS7ed = ""}

@STRING{NIPS7   = "NIPS'94"}

@STRING{NIPS8ed = ""}

@STRING{NIPS8   = "NIPS'95"}

@STRING{NIPS9ed = ""}

@STRING{NIPS9   = "NIPS'96"}

@STRING{NIPS10ed = ""}

@STRING{NIPS10  = "NIPS'97"}

@STRING{NIPS11ed = ""}

@STRING{NIPS11  = "NIPS'98"}

@STRING{NIPS12ed = ""}
@STRING{NIPS12  = "NIPS'99"}
@STRING{NIPS13ed = ""}
@STRING{NIPS13  = "NIPS'00"}
@STRING{NIPS14ed = ""}
@STRING{NIPS14 = "NIPS'01"}
@STRING{NIPS15ed = ""}
@STRING{NIPS15 = "NIPS'02"}
@STRING{NIPS16ed = ""}
@STRING{NIPS16 = "NIPS'03"}
@string{NIPS16addr = ""}
@STRING{NIPS17ed = ""}
@STRING{NIPS17 = "NIPS'04"}
@STRING{NIPS18ed = ""}
@STRING{NIPS18 = "NIPS'05"}
@STRING{NIPS19ed = ""}
@STRING{NIPS19 = "NIPS'06"}
@STRING{NIPS20ed = ""}
@STRING{NIPS20 = "NIPS'07"}
@STRING{NIPS21ed = ""}
@STRING{NIPS21 = "NIPS'08"}
@STRING{NIPS22ed = ""}
@STRING{NIPS22 = "NIPS'09"}

@String{ICDAR03 =  "Proc. {ICDAR}'03"}
@String{ICDAR07 =  "Proc. {ICDAR}'07"}

@String{ICML96 = "{ICML} 1996"}
@String{ICML97 = "{ICML} 1997"}
@String{ICML98 = "{ICML} 1998"}
@String{ICML99 = "{ICML} 1999"}
@String{ICML00 = "{ICML} 2000"}
@String{ICML01 = "{ICML} 2001"}
@String{ICML02 = "{ICML} 2002"}
@String{ICML03 = "{ICML} 2003"}
@String{ICML04 = "{ICML} 2004"}
@String{ICML05 = "{ICML} 2005"}
@String{ICML06 = "{ICML} 2006"}
@String{ICML07 = "{ICML} 2007"}
@String{ICML08 = "{ICML} 2008"}
@String{ICML09 = "{ICML} 2009"}
@string{icml09loc = {}}
@STRING{aistats05 = "AISTATS'2005"}
@STRING{aistats07 = "AISTATS'2007"}
@STRING{aistats09 = "AISTATS'2009"}
@String{SVM02 = "SVM2002"}
@String{UAI09 = {UAI'09}}

@String{iapr =  "IAPR"}
@String{jprr = "JPRR"}

@string{PhysioNetAuthors = {{Goldberger, A.L., et al.}}}
@string{PhysioNetNote = ""}
@string{PhysioNetYear = "2000"}